<record><leader>00000cas a22000007a 4500</leader><controlfield tag="001">8776860</controlfield><controlfield tag="008">820915d19251963ctudn ne      0   a0eng  </controlfield><controlfield tag="009">466</controlfield><datafield ind1=" " ind2=" " tag="010"><subfield code="a">sn 82006810 </subfield></datafield><datafield ind1=" " ind2=" " tag="040"><subfield code="a">DLC</subfield><subfield code="b">eng</subfield><subfield code="c">DLC</subfield><subfield code="d">NPY</subfield><subfield code="d">DLC</subfield><subfield code="d">MFN</subfield><subfield code="d">CNW</subfield><subfield code="d">OCLCQ</subfield></datafield><datafield ind1="1" ind2=" " tag="029"><subfield code="a">AU@</subfield><subfield code="b">000025800161</subfield></datafield><datafield ind1=" " ind2=" " tag="042"><subfield code="a">msc</subfield></datafield><datafield ind1="0" ind2="0" tag="050"><subfield code="a">Newspaper 7255</subfield></datafield><datafield ind1="0" ind2="4" tag="245"><subfield code="a">The New London evening day.</subfield></datafield><datafield ind1="1" ind2="3" tag="246"><subfield code="a">Day</subfield><subfield code="f">1925-June 1926</subfield></datafield><datafield ind1="1" ind2="7" tag="246"><subfield code="a">Evening day</subfield><subfield code="f">1925-Oct. 1928</subfield></datafield><datafield ind1=" " ind2=" " tag="260"><subfield code="a">New London, Conn. :</subfield><subfield code="b">Theodore Bodenwein</subfield></datafield><datafield ind1=" " ind2=" " tag="300"><subfield code="a">v.</subfield></datafield><datafield ind1=" " ind2=" " tag="310"><subfield code="a">Daily (except Sun.)</subfield></datafield><datafield ind1="0" ind2=" " tag="362"><subfield code="a">Aug. 12, 1925-v. 18, no. 169 (Jan. 19, 1963).</subfield></datafield><datafield ind1=" " ind2=" " tag="500"><subfield code="a">"New London evening" appears in title ornament.</subfield></datafield><datafield ind1=" " ind2=" " tag="500"><subfield code="a">Oct. 1, 1938 issue called: "Pictoral souvenir ed. of New London's greatest disaster, Sept. 21, 1938."</subfield></datafield><datafield ind1=" " ind2=" " tag="500"><subfield code="a">Includes section called "Groton news", June 23, 1952-1963.</subfield></datafield><datafield ind1=" " ind2=" " tag="515"><subfield code="a">Issues for 1925-Sept. 1953 also called: 44th year-72nd year.</subfield></datafield><datafield ind1=" " ind2=" " tag="530"><subfield code="a">Also available on microfilm from UMI.</subfield></datafield><datafield ind1=" " ind2="4" tag="651"><subfield code="a">New London (Conn.)</subfield><subfield code="v">Newspapers.</subfield></datafield><datafield ind1=" " ind2="4" tag="651"><subfield code="a">New London County (Conn.)</subfield><subfield code="v">Newspapers.</subfield></datafield><datafield ind1=" " ind2="4" tag="651"><subfield code="a">Groton (Conn.)</subfield><subfield code="v">Newspapers.</subfield></datafield><datafield ind1=" " ind2=" " tag="752"><subfield code="a">United States</subfield><subfield code="b">Connecticut</subfield><subfield code="c">New London</subfield><subfield code="d">New London.</subfield></datafield><datafield ind1="0" ind2="0" tag="780"><subfield code="t">Day (New London, Conn. : 1881)</subfield><subfield code="w">(DLC)sn 82015207</subfield><subfield code="w">(OCoLC)8821819</subfield></datafield><datafield ind1="0" ind2="0" tag="785"><subfield code="t">Day (New London, Conn. : 1963)</subfield><subfield code="x">0744-0499</subfield><subfield code="w">(DLC)sn 81002645</subfield><subfield code="w">(OCoLC)8012330</subfield></datafield></record>